<record><leader>00000cas a22000007a 4500</leader><controlfield tag="001">16513727</controlfield><controlfield tag="008">870819d18841978iauwr ne      0    0eng d</controlfield><datafield ind1=" " ind2=" " tag="010"><subfield code="a">sn 87057691 </subfield></datafield><datafield ind1=" " ind2=" " tag="040"><subfield code="a">INP</subfield><subfield code="b">eng</subfield><subfield code="c">INP</subfield><subfield code="d">NSD</subfield><subfield code="d">OCLCQ</subfield></datafield><datafield ind1=" " ind2=" " tag="042"><subfield code="a">msc</subfield></datafield><datafield ind1="0" ind2="0" tag="245"><subfield code="a">Emmetsburg Democrat.</subfield></datafield><datafield ind1="3" ind2="0" tag="246"><subfield code="a">Reporter and Democrat</subfield></datafield><datafield ind1="1" ind2="7" tag="246"><subfield code="a">Reporter-the Democrat</subfield></datafield><datafield ind1=" " ind2=" " tag="260"><subfield code="a">Emmetsburg, Iowa :</subfield><subfield code="b">W.I. Branagan,</subfield><subfield code="c">-1978.</subfield></datafield><datafield ind1=" " ind2=" " tag="300"><subfield code="a">v.</subfield></datafield><datafield ind1=" " ind2=" " tag="310"><subfield code="a">Weekly</subfield></datafield><datafield ind1="1" ind2=" " tag="362"><subfield code="a">Began in 1884.</subfield></datafield><datafield ind1="0" ind2=" " tag="362"><subfield code="a">-our 94th year, no. 1 (Jan. 5, 1978).</subfield></datafield><datafield ind1=" " ind2=" " tag="500"><subfield code="a">Issues for Dec. 29, 1977, and Jan. 5, 1978, published in combination with the Emmetsburg Democrat and called: The reporter and Democrat.</subfield></datafield><datafield ind1=" " ind2=" " tag="500"><subfield code="a">Publisher varies.</subfield></datafield><datafield ind1=" " ind2=" " tag="515"><subfield code="a">Occasional issues misdated.</subfield></datafield><datafield ind1=" " ind2=" " tag="515"><subfield code="a">Suspended with 59th year, no. 8 (Feb. 25, 1943) issue; resumed with 59th year, no. 44 (Nov. 4, 1943) issue.</subfield></datafield><datafield ind1=" " ind2=" " tag="588"><subfield code="a">Description based on: Vol. 10, no. 16 (Apr. 19, 1893).</subfield></datafield><datafield ind1=" " ind2=" " tag="752"><subfield code="a">United States</subfield><subfield code="b">Iowa</subfield><subfield code="c">Palo Alto</subfield><subfield code="d">Emmetsburg.</subfield></datafield><datafield ind1="0" ind2=" " tag="777"><subfield code="t">Emmetsburg reporter</subfield><subfield code="w">(DLC)sn 87057694</subfield><subfield code="g">June 18, 1946-1978</subfield></datafield><datafield ind1="0" ind2="0" tag="785"><subfield code="t">Democrat (Emmetsburg, Iowa)</subfield><subfield code="x">1042-119X</subfield><subfield code="w">(DLC)sn 87057692</subfield></datafield></record>